<?xml version="1.0" encoding="UTF-8"?><collection xmlns="http://www.loc.gov/MARC21/slim"><record><leader>00360nam--2200121-i-4500</leader><controlfield tag="001">000037591</controlfield><controlfield tag="002">20161230</controlfield><controlfield tag="005">20161230201041</controlfield><controlfield tag="008">060222s1000------------r-----000-0-eng-d</controlfield><datafield ind1=" " ind2=" " tag="245"><subfield code="a">Progress in physics. vol.1.iterated maps on the interval as dynamical systems</subfield></datafield><datafield ind1=" " ind2=" " tag="260"><subfield code="a">Boston, Birkhauser, 1981</subfield></datafield><datafield ind1=" " ind2=" " tag="700"><subfield code="a">Pierre Collet And Jean-pierre Eckmann</subfield></datafield><datafield ind1=" " ind2=" " tag="852"><subfield code="a">49139</subfield></datafield></record></collection>